@online{BuiltinTypesTheir,
  title = {Built-in Types and Their Semantics - {{Kotlin}} Language Specification},
  url = {https://kotlinlang.org/spec/built-in-types-and-their-semantics.html#kotlin.any-builtins},
  urldate = {2023-02-07},
  file = {C\:\\Users\\Ignacio\\Zotero\\storage\\KRAGMH5L\\built-in-types-and-their-semantics.html}
}
