@online{262588213843476GitTipsGit,
  title        = {Git {{Tips}} and {{Git Commit Best Practices}}},
  author       = {262588213843476},
  url          = {https://gist.github.com/luismts/495d982e8c5b1a0ced4a57cf3d93cf60},
  urldate      = {2022-05-08},
  langid       = {english},
  organization = {{Gist}}
}

@online{BasicWritingFormatting,
  title        = {Basic Writing and Formatting Syntax},
  url          = {https://ghdocs-prod.azurewebsites.net/en/get-started/writing-on-github/getting-started-with-writing-and-formatting-on-github/basic-writing-and-formatting-syntax},
  urldate      = {2022-05-12},
  langid       = {english},
  organization = {{GitHub Docs}}
}

@online{BasicWritingFormattinga,
  title        = {Basic Writing and Formatting Syntax},
  url          = {https://ghdocs-prod.azurewebsites.net/en/get-started/writing-on-github/getting-started-with-writing-and-formatting-on-github/basic-writing-and-formatting-syntax},
  urldate      = {2022-05-19},
  langid       = {english},
  organization = {{GitHub Docs}}
}

@online{BuildingJavaLibraries,
  title   = {Building {{Java Libraries Sample}}},
  url     = {https://docs.gradle.org/current/samples/sample_building_java_libraries.html},
  urldate = {2022-05-12}
}

@book{chaconProGit2014,
  title     = {Pro {{Git}}},
  author    = {Chacon, Scott and Straub, Ben},
  date      = {2014-11-09},
  edition   = {2nd ed. edition},
  publisher = {{Apress}},
  location  = {{New York, NY}},
  isbn      = {978-1-4842-0077-3},
  langid    = {english},
  pagetotal = {440}
}

@online{chocolateysoftwareinc.ChocolateyPackageManager,
  title        = {Chocolatey - {{The}} Package Manager for {{Windows}}},
  author       = {{Chocolatey Software, Inc.}},
  url          = {https://chocolatey.org/},
  urldate      = {2022-04-26},
  langid       = {english},
  organization = {{Chocolatey Software}}
}

@online{cinnamon-msftOverviewWindowsTerminal,
  title   = {An Overview on {{Windows Terminal}}},
  author  = {cinnamon- {msft}},
  options = {useprefix=true},
  url     = {https://docs.microsoft.com/en-us/windows/terminal/},
  urldate = {2022-08-08},
  langid  = {american}
}

@inreference{DelegationObjectorientedProgramming2022,
  title     = {Delegation (Object-Oriented Programming)},
  booktitle = {Wikipedia},
  date      = {2022-10-20T04:37:46Z},
  url       = {https://en.wikipedia.org/w/index.php?title=Delegation_(object-oriented_programming)&oldid=1117145858},
  urldate   = {2023-02-05},
  langid    = {english}
}

@inreference{EncapsulationComputerProgramming2023,
  title     = {Encapsulation (Computer Programming)},
  booktitle = {Wikipedia},
  date      = {2023-01-18T22:44:40Z},
  url       = {https://en.wikipedia.org/w/index.php?title=Encapsulation_(computer_programming)&oldid=1134481916},
  urldate   = {2023-02-04},
  langid    = {english},
  keywords  = {oop}
}

@book{evansJavaNutshell2018,
  title      = {Java in a Nutshell},
  author     = {Evans, Benjamin J. and Flanagan, David},
  date       = {2018},
  series     = {In a Nutshell},
  edition    = {Seventh edition},
  publisher  = {{O'Reilly Media, Inc}},
  location   = {{Beijing, China ; Boston, Massachusetts}},
  isbn       = {978-1-4920-3725-5},
  pagetotal  = {436},
  keywords   = {Java (Computer program language),Object-oriented programming (Computer science),Web servers},
  annotation = {OCLC: on1080647230}
}

@online{fowlerSoftwareArchitectureGuide2019,
  title        = {Software {{Architecture Guide}}},
  author       = {Fowler, Martin},
  date         = {2019},
  url          = {https://martinfowler.com/architecture/},
  urldate      = {2022-04-26},
  organization = {{martinfowler.com}}
}

@incollection{freemanChapterIntroDesign,
  title     = {Chapter 1: {{Intro}} to {{Design Patterns}}},
  booktitle = {Head {{First}} Design Patterns},
  author    = {Freeman, Eric and Robson, Elisabeth},
  editor    = {Sierra, Kathy and Bates, Bert},
  pages     = {1--35},
  isbn      = {978-0-596-00712-6}
}

@book{freemanHeadFirstDesign2004,
  title      = {Head {{First}} Design Patterns},
  editor     = {Freeman, Eric and Robson, Elisabeth and Sierra, Kathy and Bates, Bert},
  date       = {2004},
  publisher  = {{O'Reilly}},
  location   = {{Sebastopol, CA}},
  isbn       = {978-0-596-00712-6},
  pagetotal  = {638},
  keywords   = {Computer software,Development,Java (Computer program language)},
  annotation = {OCLC: ocm56929619}
}

@online{Git,
  title        = {About {{Git}}},
  url          = {https://ghdocs-prod.azurewebsites.net/en/get-started/using-git/about-git},
  urldate      = {2022-05-12},
  langid       = {english},
  organization = {{GitHub Docs}}
}

@online{Gita,
  title   = {Git},
  url     = {https://git-scm.com/},
  urldate = {2022-05-12}
}

@online{GitGitignoreDocumentation,
  title   = {Git - Gitignore {{Documentation}}},
  url     = {https://git-scm.com/docs/gitignore},
  urldate = {2022-05-12}
}

@online{GitHubFlow,
  title        = {{{GitHub}} Flow},
  url          = {https://ghdocs-prod.azurewebsites.net/en/get-started/quickstart/github-flow},
  urldate      = {2022-05-12},
  langid       = {english},
  organization = {{GitHub Docs}}
}

@online{githubincContributingProjects,
  title        = {Contributing to Projects},
  author       = {{GitHub, Inc}},
  url          = {https://ghdocs-prod.azurewebsites.net/en/get-started/quickstart/contributing-to-projects},
  urldate      = {2022-05-11},
  langid       = {english},
  organization = {{GitHub Docs}}
}

@online{GitHubTrainingGuides,
  title   = {{{GitHub Training}} \& {{Guides}} - {{YouTube}}},
  url     = {https://www.youtube.com/githubguides},
  urldate = {2022-05-12}
}

@online{GitKrakenLegendaryGit,
  title   = {{{GitKraken Legendary Git Tools}} | {{GitKraken}}},
  url     = {https://www.gitkraken.com},
  urldate = {2022-05-12},
  langid  = {american}
}

@online{GitSimpleGuide,
  title   = {Git - the Simple Guide - No Deep Shit!},
  url     = {https://rogerdudler.github.io/git-guide/},
  urldate = {2022-05-12}
}

@online{harwaniConvertDecimalBinary2021,
  title        = {Convert {{Decimal}} to {{Binary}} in {{C}}},
  author       = {Harwani, Pawan},
  date         = {2021-11-24T00:00:00},
  url          = {https://www.scaler.com/topics/decimal-to-binary-in-c/},
  urldate      = {2023-02-06},
  langid       = {english},
  organization = {{Scaler Topics}},
  keywords     = {intellij}
}

@online{HelloWorld,
  title        = {Hello {{World}}},
  url          = {https://ghdocs-prod.azurewebsites.net/en/get-started/quickstart/hello-world},
  urldate      = {2022-05-12},
  langid       = {english},
  organization = {{GitHub Docs}}
}

@online{hombergsSingleResponsibilityPrinciple2020,
  title    = {Single {{Responsibility Principle Unpacked}}},
  author   = {Hombergs, Tom},
  date     = {2020-02-26T05:00:00+00:00},
  url      = {https://reflectoring.io/single-responsibility-principle/},
  urldate  = {2022-08-31},
  langid   = {american},
  keywords = {Object-oriented programming (Computer science),Single-Responsibility Principle,SOLID Principles}
}

@online{HomeOhMy,
  title   = {Home | {{Oh My Posh}}},
  url     = {https://ohmyposh.dev/},
  urldate = {2022-08-08},
  langid  = {english}
}

@online{hummusandmagnetsDonUsePackage,
  type         = {Tumblr},
  title        = {Don't Use Package Private in Java},
  author       = {{hummusandmagnets}},
  url          = {https://hummusandmagnets.tumblr.com/post/52285020299/dont-use-package-private-in-java},
  urldate      = {2022-05-12},
  organization = {{Hummus and Magnets}}
}

@inreference{InheritanceObjectorientedProgramming2023,
  title     = {Inheritance (Object-Oriented Programming)},
  booktitle = {Wikipedia},
  date      = {2023-02-03T08:21:15Z},
  url       = {https://en.wikipedia.org/w/index.php?title=Inheritance_(object-oriented_programming)&oldid=1137190825},
  urldate   = {2023-02-05},
  langid    = {english},
  keywords  = {oop}
}

@online{IntelliJIDEACapable,
  title        = {{{IntelliJ IDEA}}: {{The Capable}} \& {{Ergonomic Java IDE}} by {{JetBrains}}},
  shorttitle   = {{{IntelliJ IDEA}}},
  url          = {https://www.jetbrains.com/idea/},
  urldate      = {2022-05-19},
  langid       = {english},
  organization = {{JetBrains}}
}

@online{Issues,
  title        = {About Issues},
  url          = {https://ghdocs-prod.azurewebsites.net/en/issues/tracking-your-work-with-issues/about-issues},
  urldate      = {2022-05-12},
  langid       = {english},
  organization = {{GitHub Docs}}
}

@online{janssenOOPConceptBeginners2017,
  title        = {{{OOP Concept}} for {{Beginners}}: {{What}} Is {{Abstraction}}?},
  shorttitle   = {{{OOP Concept}} for {{Beginners}}},
  author       = {Janssen, Thorben},
  date         = {2017-11-23T14:23:53+00:00},
  url          = {https://stackify.com/oop-concept-abstraction/},
  urldate      = {2023-02-04},
  langid       = {american},
  organization = {{Stackify}}
}

@online{janssenSOLIDDesignPrinciples2018,
  title        = {{{SOLID Design Principles Explained}}: {{The Liskov Substitution Principle}} with {{Code Examples}}},
  shorttitle   = {{{SOLID Design Principles Explained}}},
  author       = {Janssen, Thorben},
  date         = {2018-04-11T13:15:35+00:00},
  url          = {https://stackify.com/solid-design-liskov-substitution-principle/},
  urldate      = {2022-08-31},
  langid       = {american},
  organization = {{Stackify}}
}

@online{JetBrainsToolboxApp,
  title        = {{{JetBrains Toolbox App}}: {{Manage Your Tools}} with {{Ease}}},
  shorttitle   = {{{JetBrains Toolbox App}}},
  url          = {https://www.jetbrains.com/toolbox-app/},
  urldate      = {2022-05-19},
  langid       = {english},
  organization = {{JetBrains}}
}

@online{kevinlamsUseWingetTool,
  title    = {Use the Winget Tool to Install and Manage Applications},
  author   = {KevinLaMS},
  url      = {https://docs.microsoft.com/en-us/windows/package-manager/winget/},
  urldate  = {2022-08-08},
  langid   = {american},
  keywords = {kotlin}
}

@article{liskovKeynoteAddressData1988,
  title        = {Keynote Address - Data Abstraction and Hierarchy},
  author       = {Liskov, Barbara},
  date         = {1988-05},
  journaltitle = {ACM SIGPLAN Notices},
  shortjournal = {SIGPLAN Not.},
  volume       = {23},
  number       = {5},
  pages        = {17--34},
  issn         = {0362-1340, 1558-1160},
  doi          = {10.1145/62139.62141},
  url          = {https://dl.acm.org/doi/10.1145/62139.62141},
  urldate      = {2023-02-06},
  langid       = {english},
  keywords     = {oop}
}

@online{MemoryFootprintJVM09:40:00.0,
  title   = {Memory Footprint of the {{JVM}}},
  year    = {09:40:00.0},
  url     = {https://spring.io/blog/2019/03/11/memory-footprint-of-the-jvm},
  urldate = {2022-09-13},
  langid  = {english}
}

@online{MercurialSCM,
  title   = {Mercurial {{SCM}}},
  url     = {https://www.mercurial-scm.org/},
  urldate = {2022-05-19}
}

@online{MethodLookup,
  title        = {Method Lookup},
  url          = {https://wiki.uqbar.org/wiki/articles/wiki.uqbar.org/wiki/articles/method-lookup.html},
  urldate      = {2023-02-05},
  langid       = {english},
  organization = {{uqbar-wiki}}
}

@book{metzPracticalObjectorientedDesign2013,
  title      = {Practical {{Object-oriented Design}} in {{Ruby}}: {{An Agile Primer}}},
  shorttitle = {Practical {{Object-oriented Design}} in {{Ruby}}},
  author     = {Metz, Sandi},
  date       = {2013},
  eprint     = {rk9sAQAAQBAJ},
  eprinttype = {googlebooks},
  publisher  = {{Addison-Wesley}},
  isbn       = {978-0-321-72133-4},
  langid     = {english},
  pagetotal  = {272},
  keywords   = {Computers / Data Science / General,Computers / Programming / Object Oriented}
}

@online{MVCModelView,
  title        = {{{MVC}}: {{Model}}, {{View}}, {{Controller}}},
  shorttitle   = {{{MVC}}},
  url          = {https://www.codecademy.com/article/mvc},
  urldate      = {2022-04-26},
  langid       = {english},
  organization = {{Codecademy}}
}

@online{ObjectExpressionsDeclarations,
  title        = {Object Expressions and Declarations | {{Kotlin}}},
  url          = {https://kotlinlang.org/docs/object-declarations.html},
  urldate      = {2023-02-04},
  langid       = {american},
  organization = {{Kotlin Help}},
  keywords     = {oop}
}

@inreference{ObjectorientedProgramming2023,
  title      = {OOP Concept for Beginners: What is Abstraction?},
  booktitle  = {Wikipedia},
  date       = {2023-01-17T12:21:55Z},
  url        = {https://en.wikipedia.org/w/index.php?title=Object-oriented_programming&oldid=1134190065},
  urldate    = {2023-02-04},
  langid     = {english},
  keywords   = {oop},
  annotation = {Page Version ID: 1134190065}
}

@online{oracleAbstractMethodsClasses,
  title    = {Abstract {{Methods}} and {{Classes}} ({{The Java}}™ {{Tutorials}} {$>$} {{Learning}} the {{Java Language}} {$>$} {{Interfaces}} and {{Inheritance}})},
  author   = {{Oracle}},
  url      = {https://docs.oracle.com/javase/tutorial/java/IandI/abstract.html},
  urldate  = {2022-04-25},
  keywords = {java-oop}
}

@online{READMEs,
  title        = {About {{READMEs}}},
  url          = {https://ghdocs-prod.azurewebsites.net/en/repositories/managing-your-repositorys-settings-and-features/customizing-your-repository/about-readmes},
  urldate      = {2022-05-12},
  langid       = {english},
  organization = {{GitHub Docs}}
}

@inreference{Serialization2023,
  title     = {Serialization},
  booktitle = {Wikipedia},
  date      = {2023-01-06T21:29:03Z},
  url       = {https://en.wikipedia.org/w/index.php?title=Serialization&oldid=1132012847},
  urldate   = {2023-02-06},
  langid    = {english},
  keywords  = {oop}
}

@incollection{shvetsDependencyInversionPrinciple,
  title     = {Dependency {{Inversion Principle}}},
  booktitle = {Dive {{Into Design Patterns}}},
  author    = {Shvets, Alexander},
  pages     = {67--70}
}

@book{shvetsDiveDesignPatterns2019,
  title  = {Dive {{Into Design Patterns}}},
  author = {Shvets, Alexander},
  date   = {2019},
  url    = {https://refactoring.guru/design-patterns/book},
  langid = {english}
}

@incollection{shvetsInterfaceSegregationPrinciple,
  title     = {Interface {{Segregation Principle}}},
  booktitle = {Dive {{Into Design Patterns}}},
  author    = {Shvets, Alexander},
  pages     = {64--66}
}

@incollection{shvetsOpenClosedPrinciple,
  title     = {Open/{{Closed Principle}}},
  booktitle = {Dive {{Into Design Patterns}}},
  author    = {Shvets, Alexander},
  pages     = {54--56}
}

@online{singhTypeConversionJava2017,
  title        = {Type Conversion in {{Java}} with {{Examples}}},
  author       = {Singh, Apoorva},
  date         = {2017-01-05T14:17:39+00:00},
  url          = {https://www.geeksforgeeks.org/type-conversion-java-examples/},
  urldate      = {2022-05-11},
  langid       = {american},
  organization = {{GeeksforGeeks}}
}

@online{SOLIDFirstPrinciples,
  title      = {{{SOLID}}: {{The First}} 5 {{Principles}} of {{Object Oriented Design}} | {{DigitalOcean}}},
  shorttitle = {{{SOLID}}},
  url        = {https://www.digitalocean.com/community/conceptual_articles/s-o-l-i-d-the-first-five-principles-of-object-oriented-design},
  urldate    = {2022-08-31},
  langid     = {english}
}

@video{thetechcaveSoftwareArchitectureArchitectural2017,
  title      = {Software {{Architecture}} | {{Architectural}} Patterns | {{Architecture}} vs {{Design}} Pattern},
  editor     = {{The TechCave}},
  date       = {2017-12-21},
  url        = {https://www.youtube.com/watch?v=lTkL1oIMiaU},
  urldate    = {2022-04-25},
  editortype = {director},
  keywords   = {gui}
}

@online{WhatHashingHow,
  title        = {What Is Hashing and How Does It Work?},
  url          = {https://www.techtarget.com/searchdatamanagement/definition/hashing},
  urldate      = {2022-09-13},
  langid       = {english},
  organization = {{SearchDataManagement}}
}

@incollection{shvetsSOLIDPrinciples2021,
  title = {{{SOLID Principles}}},
  booktitle = {Dive {{Into Design Patterns}}},
  author = {Shvets, Alexander},
  date = {2021},
  pages = {51--70},
  keywords = {oop}
}

@preamble{ "\ifdefined\DeclarePrefChars\DeclarePrefChars{'’-}\else\fi " }