@online{abstract-class,
  url        = {https://docs.oracle.com/javase/tutorial/java/IandI/abstract.html},
  shorttitle = {Abstract Methods and Classes},
  title      = {Abstract Methods and Classes (The Java™ Tutorials > Learning the Java Language > Interfaces and Inheritance)},
  keywords   = {java-2},
  author     = {Oracle},
  urldate    = {2020-04-22}
}

@online{adopt-openjdk,
  url     = {adoptopenjdk.net/},
  urldate = {2021-03-03},
  title   = {Open source, prebuilt OpenJDK binaries},
  author  = {AdoptOpenJDK}
}

@online{architectural-vs-design,
  url      = {https://youtu.be/lTkL1oIMiaU},
  urldate  = {2020-08-27},
  title    = {Software Architecture | Architectural patterns | Architecture vs Design pattern},
  author   = {{The TechCave}},
  year     = {2017},
  keywords = {gui}
}

@online{arquitecture-patterns,
  url        = {https://hub.packtpub.com/developers-guide-to-software-architecture-patterns/},
  urldate    = {2020-08-27},
  title      = {Developer's guide to Software architecture patterns | Packt Hub},
  shorttitle = {Developer's guide to Software architecture patterns},
  author     = {Sugandha Lahoti},
  year       = {2018},
  keywords   = {gui}
}

@online{choco,
  url      = {https://chocolatey.org},
  urldate  = {2021-02-25},
  title    = {Chocolatey Software | Chocolatey - The package manager for Windows},
  keywords = {Por_algo_se_empieza}
}

@online{codeacademy-mvc,
  url        = {https://www.codecademy.com/articles/mvc},
  urldate    = {2020-08-27},
  title      = {MVC: Model, View, Controller | Codecademy},
  shorttitle = {MVC: Model, View, Controller},
  author     = {Codeacademy},
  keywords   = {gui}
}

@online{fowler-software-architecture,
  url      = {https://martinfowler.com/architecture/},
  title    = {Software Architecture Guide},
  author   = {Martin Fowler},
  year     = {2019},
  keywords = {gui}
}

@online{gfg-type-conversion,
  url      = {https://www.geeksforgeeks.org/type-conversion-java-examples/},
  urldate  = {2021-03-21},
  title    = {Type conversion in Java with Examples},
  author   = {GeeksForGeeks},
  year     = {2019},
  keywords = {Por_algo_se_empieza}
}

@online{gh-forks,
  url      = {https://guides.github.com/activities/forking/},
  urldate  = {2020-09-06},
  title    = {Forking Projects},
  author   = {GitHub},
  year     = {2017},
  keywords = {git}
}

@online{gh-issues,
  url      = {https://guides.github.com/features/issues/},
  urldate  = {2020-09-06},
  title    = {Mastering Issues},
  author   = {GitHub},
  year     = {2020},
  keywords = {git}
}

@online{gh-markdown,
  url      = {https://docs.github.com/en/github/writing-on-github/basic-writing-and-formatting-syntax},
  urldate  = {2020-09-16},
  title    = {Basic writing and formatting syntax},
  author   = {GitHub},
  keywords = {git}
}

@online{gh-wikis,
  url      = {https://guides.github.com/features/wikis/},
  urldate  = {2020-09-06},
  title    = {Documenting your projects on GitHub},
  author   = {GitHub},
  year     = {2016},
  keywords = {git}
}

@online{gh-youtube,
  url      = {https://www.youtube.com/githubguides},
  urldate  = {2020-09-06},
  title    = {GitHub Training \& Guides},
  author   = {GitHub},
  keywords = {git}
}

@online{git-handbook,
  url        = {https://guides.github.com/introduction/git-handbook/},
  title      = {Git Handbook - GitHub Guides},
  author     = {GitHub},
  year       = {2017},
  shorttitle = {Git Handbook},
  keywords   = {git},
  abstract   = {Guía de los comandos básicos de \textit{Git} y cómo se relacionan con \textit{GitHub}.}
}

@online{git-scm,
  title      = {Git},
  annotation = {Documentación oficial de Git},
  keywords   = {git},
  url        = {https://git-scm.com},
  urldate    = {2020-04-20},
  author     = {Scott Chacon and Jason Long and {GitHub Community}}
}

@online{git-simple,
  title      = {git - the simple guide - no deep shit!},
  shorttitle = {git - the simple guide},
  author     = {Roger Dudler},
  urldate    = {2020-04-20},
  url        = {https://rogerdudler.github.io/git-guide/},
  keywords   = {git}
}

@online{gitflow,
  url        = {https://guides.github.com/introduction/flow/},
  urldate    = {2020-04-24},
  title      = {Understanding the GitHub flow - GitHub Guides},
  shorttitle = {Understanding the GitHub flow},
  author     = {GitHub},
  date       = {2017-11-30},
  abstract   = {
    La modalidad (flujo) de trabajo recomendada por \textit{GitHub} para trabajar en equipos
  },
  annotation = {
    Les recomendamos encarecidamente que utilicen esta modalidad al trabajar individualmente y, en
    especial, en las tareas de este ramo.
  },
  keywords   = {git}
}

@online{github-hello-world,
  title      = {Hello World - GitHub Guides},
  shorttitle = {Hello World},
  author     = {Github},
  keywords   = {git},
  urldate    = {2020-04-20},
  url        = {https://guides.github.com/activities/hello-world/},
  abstract   = {Tutorial básico de cómo crear y manejar un repositorio en \textit{GitHub}}
}

@online{gitignore,
  title      = {Git - gitignore Documentation},
  shorttitle = {gitignore},
  author     = {Scott Chacon and Jason Long and {GitHub Community}},
  keywords   = {git},
  urldate    = {2020-04-20},
  url        = {https://git-scm.com/docs/gitignore}
}

@online{gitkraken,
  url        = {https://www.gitkraken.com},
  urldate    = {2020-09-06},
  title      = {GitKraken},
  annotation = {
    \textbf{\textit{GitKraken}:} interfaz gráfica para manejar repositorios de \textit{Git}.
    Pueden obtener una licencia gratis postulando a los beneficios de \textit{GitHub Education}.
  },
  keywords   = {git}
}
@online{gradle-jar,
  url      = {https://guides.gradle.org/building-java-libraries/},
  urldate  = {2020-08-27},
  title    = {Building Java Libraries},
  author   = {{Gradle Guides}},
  urldate  = {2020-08-27},
  keywords = {java-3}
}

@online{ham-package-private,
  url      = {https://hummusandmagnets.tumblr.com/post/52285020299/dont-use-package-private-in-java},
  urldate  = {2020-10-11},
  title    = {Don’t use package private in java},
  author   = {{Hummus and Magnets}},
  year     = {2013},
  keywords = {java-2}
}

@book{head-first-intro,
  title     = {Head First Design Patterns},
  author    = {Eric Freeman and Elizabeth Freeman},
  publisher = {O'Reilly Media, Inc},
  edition   = {1st ed},
  year      = {2004},
  chapter   = {Chapter 1: Intro to Design Patterns},
  pages     = {1-35},
  keywords  = {Por_algo_se_empieza}
}

@report{java-compiler,
  title       = {The Hacker’s Guide to Javac},
  author      = {David Enri and Adrian Kuhn},
  year        = {2008},
  institution = {University of Bern},
  keywords    = {java-3}
}

@book{java-nutshell-cli,
  author    = {Benjamin J. Evans and David Flanagan},
  editor    = {Mike Loukides and Meghan Blanchette},
  title     = {Java in a Nutshell},
  publisher = {O'Reilly Media, Inc},
  year      = {2015},
  edition   = {6th ed},
  chapter   = {13. Platform Tools and Profiles},
  pages     = {349-372},
  keywords  = {java-3}
}

@book{java-nutshell-collections,
  author     = {Benjamin J. Evans and David Flanagan},
  editor     = {Mike Loukides and Meghan Blanchette},
  title      = {Java in a Nutshell},
  publisher  = {O'Reilly Media, Inc},
  year       = {2015},
  edition    = {6th ed},
  chapter    = {8. Working with Java Collections},
  pages      = {97-134},
  annotation = {
    Este libro profundiza mucho más en el lenguaje Java que lo que se verá en el curso, no se 
    recomienda como material de estudio a excepción de los capítulos mencionados y sólo en caso de 
    necesitar explicaciones más detalladas sobre el lenguaje de programación.
  },
  keywords   = {java-2}
}

@book{java-nutshell-intro,
  author    = {Benjamin J. Evans and David Flanagan},
  editor    = {Mike Loukides and Meghan Blanchette},
  title     = {Java in a Nutshell},
  publisher = {O'Reilly Media, Inc},
  year      = {2015},
  edition   = {6th ed},
  chapter   = {1. Introduction to the Java Environment},
  pages     = {3-15},
  keywords  = {Por_algo_se_empieza}
}

@book{java-nutshell-oop,
  author    = {Benjamin J. Evans and David Flanagan},
  editor    = {Mike Loukides and Meghan Blanchette},
  title     = {Java in a Nutshell},
  publisher = {O'Reilly Media, Inc},
  year      = {2015},
  edition   = {6th ed},
  chapter   = {3. Object-Oriented Programming in Java},
  pages     = {239-266},
  keywords  = {java-2}
}

@book{java-nutshell-syntax-arrays,
  author     = {Benjamin J. Evans and David Flanagan},
  editor     = {Mike Loukides and Meghan Blanchette},
  title      = {Java in a Nutshell},
  publisher  = {O'Reilly Media, Inc},
  year       = {2015},
  edition    = {6th ed},
  chapter    = {2. Java Syntax from the Ground Up},
  pages      = {77-88},
  annotation = {Arreglos y referencias},
  keywords   = {Por_algo_se_empieza}
}

@book{java-nutshell-syntax-basic,
  author     = {Benjamin J. Evans and David Flanagan},
  editor     = {Mike Loukides and Meghan Blanchette},
  title      = {Java in a Nutshell},
  publisher  = {O'Reilly Media, Inc},
  year       = {2015},
  edition    = {6th ed},
  chapter    = {2. Java Syntax from the Ground Up},
  pages      = {17-59},
  annotation = {Sintáxis básica},
  keywords   = {Por_algo_se_empieza}
}

@online{java-static,
  url        = {https://www.javatpoint.com/static-keyword-in-java},
  urldate    = {2020-07-03},
  title      = {Static keyword in Java - Javatpoint},
  shorttitle = {Static keyword in Java},
  keywords   = {java-2}
}

@online{markdown,
  url        = {https://guides.github.com/features/mastering-markdown/},
  title      = {Mastering Markdown - GitHub Guides},
  author     = {GitHub},
  date       = {2014-01-15},
  keywords   = {git},
  shorttitle = {Mastering Markdown}
}

@online{mercurial,
  url        = {https://www.mercurial-scm.org},
  urldate    = {2020-09-06},
  title      = {mercurial},
  annotation = {
    Alternativa a \textit{Git} que también es ampliamente usada.
    \textit{SourceForge} es uno de los ejemplos más importantes de \textit{host} 
    de repositorios de \textit{Mercurial} (el equivalente a \textit{GitHub}).},
  keywords   = {git}
}

@online{oracle-jar,
  url        = {https://docs.oracle.com/javase/tutorial/deployment/jar/basicsindex.html},
  title      = {Using JAR Files: The Basics (The Java™ Tutorials > Deployment > Packaging Programs in JAR Files)},
  shorttitle = {Using JAR Files: The Basics},
  author     = {Oracle},
  urldate    = {2020-08-27},
  keywords   = {java-3}
}

@online{oracle-lists,
  url      = {https://docs.oracle.com/javase/tutorial/collections/interfaces/list.html},
  urldate  = {2020-09-06},
  title    = {The List Interface},
  author   = {Oracle},
  keywords = {java-2}
}

@online{oracle-visibility,
  url      = {https://docs.oracle.com/javase/tutorial/java/javaOO/accesscontrol.html},
  title    = {Controlling Access to Members of a Class},
  author   = {Oracle},
  urldate  = {2020-10-03},
  keywords = {java-2}
}

@online{singh-constructors,
  url      = {https://beginnersbook.com/2013/03/constructors-in-java/},
  urldate  = {2020-05-09},
  title    = {Constructors in Java – A complete study!!},
  author   = {Chaitanya Singh},
  urldate  = {2020-05-09},
  keywords = {java-2}
}

@online{so-linked-vs-array,
  url      = {https://stackoverflow.com/a/322742/6037217},
  urldate  = {2020-09-06},
  title    = {When to use LinkedList over ArrayList in Java?},
  author   = {Jonathan Tran},
  year     = {2019},
  keywords = {java-2}
}

@online{stackoverflow-static,
  url        = {https://stackoverflow.com/questions/2671496/java-when-to-use-static-methods},
  urldate    = {2020-07-03},
  title      = {Java: when to use static methods - Stack Overflow},
  shorttitle = {Java: when to use static methods},
  keywords   = {java-2}
}

@online{vcs-providers,
  url     = {https://en.wikipedia.org/wiki/Comparison_of_source-code-hosting_facilities#Popularity},
  urldate = {2020-09-27},
  title   = {Comparison of source code hosting facilities},
  author  = {Wikimedia Foundation, Inc},
  year    = {2020},
  urldate = {2020-09-27}
}

@online{vscode-git,
  url      = {https://code.visualstudio.com/docs/editor/versioncontrol},
  urldate  = {2020-09-06},
  title    = {Using Version Control in VS Code},
  author   = {Microsoft},
  year     = {2020},
  keywords = {git}
}

@online{wp-delegation,
  url      = {https://en.wikipedia.org/wiki/Delegation_(object-oriented_programming)},
  urldate  = {2020-10-11},
  title    = {Delegation (object-oriented programming)},
  author   = {{Wikimedia Foundation, Inc}},
  year     = {2020},
  urldate  = {2020-10-11},
  keywords = {java-2}
}

@online{yt-git-intellij,
  url      = {https://www.youtube.com/watch?v=uUzRMOCBorg},
  title    = {Using Git in IntelliJ},
  urldate  = {2020-09-06},
  author   = {LaunchCode},
  year     = {2017},
  keywords = {git}
}